%YAML 1.1
%TAG !u! tag:unity3d.com,2011:
--- !u!114 &-9007871105524948355
MonoBehaviour:
  m_ObjectHideFlags: 0
  m_CorrespondingSourceObject: {fileID: 0}
  m_PrefabInstance: {fileID: 0}
  m_PrefabAsset: {fileID: 0}
  m_GameObject: {fileID: 0}
  m_Enabled: 1
  m_EditorHideFlags: 0
  m_Script: {fileID: 11500000, guid: 0a0a5632542118c41a0292658a9c96c7, type: 3}
  m_Name: 40e4d235-5901-49c7-8cbf-ad192aa2b460
  m_EditorClassIdentifier: 
  isPlayerSpeaking: 0
  text: "\u041D\u0443, \u0445\u043E\u0440\u043E\u0448\u043E, \u0432 \u0442\u0430\u043A\u043E\u043C
    \u0441\u043B\u0443\u0447\u0430\u0435 \u0434\u0430\u043C \u0442\u0435\u0431\u0435
    \u0440\u0430\u0431\u043E\u0442\u0435\u043D\u043A\u0443. \u0412\u043E\u043E\u0431\u0449\u0435\u043C
    \u0432 \u0434\u0435\u0440\u0435\u0432\u043D\u0435 \u0435\u0441\u0442\u044C \u043A\u043E\u0435
    \u043A\u0430\u043A\u043E\u0439 \u0441\u0442\u0430\u0440\u0438\u043A, \u043E\u043D
    \u043C\u043D\u0435 \u0434\u0435\u043D\u044C\u0433\u0438 \u0437\u0430\u0434\u043E\u043B\u0436\u0430\u043B,
    \u0437\u043E\u0432\u0443\u0442 \u0435\u0433\u043E \u041B\u0435\u043E."
  children: []
  rect:
    serializedVersion: 2
    x: 1562
    y: 12
    width: 200
    height: 100
  _onExitAction: GiveQuest
  _onEnterAction: 
  _condition:
    _predicate: 
    _parameters: []
--- !u!114 &-7189914968963256618
MonoBehaviour:
  m_ObjectHideFlags: 0
  m_CorrespondingSourceObject: {fileID: 0}
  m_PrefabInstance: {fileID: 0}
  m_PrefabAsset: {fileID: 0}
  m_GameObject: {fileID: 0}
  m_Enabled: 1
  m_EditorHideFlags: 0
  m_Script: {fileID: 11500000, guid: 0a0a5632542118c41a0292658a9c96c7, type: 3}
  m_Name: b3ba9af5-2872-4013-9fa1-521b18443f90
  m_EditorClassIdentifier: 
  isPlayerSpeaking: 0
  text: "\u041D\u0443 \u0447\u0442\u043E \u043E\u043F\u044F\u0442\u044C, \u0447\u0442\u043E
    \u0442\u0435\u0431\u0435 \u043D\u0443\u0436\u043D\u043E \u0431\u0435\u0434\u043E\u043B\u0430\u0433\u0430?"
  children:
  - fd7ecc11-ed55-4ef0-9903-1a11a3b56021
  - 25febd73-6917-4cf3-a877-9f87c4c9722f
  - 9b2f2b91-124c-4ac6-a5f9-b918daa03b08
  rect:
    serializedVersion: 2
    x: -9
    y: 78.00001
    width: 200
    height: 100
  _onExitAction: 
  _onEnterAction: 
  _condition:
    _predicate: 
    _parameters: []
--- !u!114 &-5617655213669421286
MonoBehaviour:
  m_ObjectHideFlags: 0
  m_CorrespondingSourceObject: {fileID: 0}
  m_PrefabInstance: {fileID: 0}
  m_PrefabAsset: {fileID: 0}
  m_GameObject: {fileID: 0}
  m_Enabled: 1
  m_EditorHideFlags: 0
  m_Script: {fileID: 11500000, guid: 0a0a5632542118c41a0292658a9c96c7, type: 3}
  m_Name: 97138aae-e9c2-471e-af2a-f9907e33bdb2
  m_EditorClassIdentifier: 
  isPlayerSpeaking: 0
  text: "\u041D\u0443 \u0447\u0442\u043E \u0436, \u043D\u0435 \u0433\u0443\u0441\u0442\u043E,
    \u043D\u043E \u0442\u0443\u0442 \u043D\u0430 \u0434\u043D\u044F\u0445 \u0432\u0434\u0435\u0440\u0435\u0432\u043D\u0435
    \u0431\u0430\u043D\u0434\u0438\u0442\u044B \u0440\u0430\u0437\u0432\u0435\u043B\u0438\u0441\u044C,
    \u0445\u043E\u0434\u044F\u0442 \u0433\u0440\u0443\u043F\u043F\u043E\u0439 \u043F\u043E
    2-3 \u0447\u0435\u043B\u043E\u0432\u0435\u043A\u0430, \u043F\u0440\u043E\u0443\u0447\u0438
    \u0438\u0445, \u0430 \u043F\u043E\u0442\u043E\u043C \u043F\u043E\u0433\u043E\u0432\u043E\u0440\u0438\u043C."
  children: []
  rect:
    serializedVersion: 2
    x: 1233
    y: 24
    width: 200
    height: 100
  _onExitAction: GiveQuest
  _onEnterAction: 
  _condition:
    _predicate: 
    _parameters: []
--- !u!114 &-3865849867297503443
MonoBehaviour:
  m_ObjectHideFlags: 0
  m_CorrespondingSourceObject: {fileID: 0}
  m_PrefabInstance: {fileID: 0}
  m_PrefabAsset: {fileID: 0}
  m_GameObject: {fileID: 0}
  m_Enabled: 1
  m_EditorHideFlags: 0
  m_Script: {fileID: 11500000, guid: 0a0a5632542118c41a0292658a9c96c7, type: 3}
  m_Name: 2086f0e0-5895-4ebe-96ff-82326b2758a9
  m_EditorClassIdentifier: 
  isPlayerSpeaking: 1
  text: "\u042F\u0437\u044B\u043A?\u042F \u0432\u0438\u0436\u0443 \u0442\u044B \u0441\u043C\u0435\u043B\u044B\u0439.
    \u0418\u043B\u0438 \u0442\u044B \u043C\u043D\u0435 \u0441\u0435\u0439\u0447\u0430\u0441
    \u043E\u0442\u0434\u0430\u0448\u044C \u0432\u0441\u0435 \u0437\u043E\u043B\u043E\u0442\u043E,
    \u043A\u043E\u0442\u043E\u0440\u043E\u0435 \u0432\u044B \u0442\u0443\u0442 \u043F\u0440\u044F\u0447\u0435\u0442\u0435,
    \u0438\u043B\u0438 \u0442\u044B \u0441\u0442\u0430\u043D\u0435\u0448\u044C \u043F\u0438\u0449\u0435\u0439
    \u0434\u043B\u044F \u043F\u0440\u0438\u0440\u043E\u0434\u044B."
  children:
  - 4573f9a3-297e-4b7d-b260-ea4fb358b96d
  rect:
    serializedVersion: 2
    x: 714
    y: 189
    width: 200
    height: 100
  _onExitAction: 
  _onEnterAction: 
  _condition:
    _predicate: 
    _parameters: []
--- !u!114 &-1842299243723746869
MonoBehaviour:
  m_ObjectHideFlags: 0
  m_CorrespondingSourceObject: {fileID: 0}
  m_PrefabInstance: {fileID: 0}
  m_PrefabAsset: {fileID: 0}
  m_GameObject: {fileID: 0}
  m_Enabled: 1
  m_EditorHideFlags: 0
  m_Script: {fileID: 11500000, guid: 0a0a5632542118c41a0292658a9c96c7, type: 3}
  m_Name: fdcbebeb-e260-4128-b3d0-5d0079805fb5
  m_EditorClassIdentifier: 
  isPlayerSpeaking: 0
  text: "\u0428\u0442\u0438\u0440\u043B\u0435\u0446?\u041A\u0442\u043E \u0442\u0430\u043A\u0438\u0435
    \u0433\u0440\u0443\u0437\u0438\u043D\u044B? \u0427\u0442\u043E \u0442\u044B \u0432\u043E\u043E\u0431\u0449\u0435
    \u043D\u0435\u0441\u0435\u0448\u044C?"
  children:
  - d04d52b4-0b2c-4d8b-a1d4-4a5d88ee9ded
  - b1b3b547-8593-46d8-8b31-676272c90b77
  rect:
    serializedVersion: 2
    x: 1305
    y: 125
    width: 200
    height: 100
  _onExitAction: 
  _onEnterAction: 
  _condition:
    _predicate: 
    _parameters: []
--- !u!114 &-1602215151513851740
MonoBehaviour:
  m_ObjectHideFlags: 0
  m_CorrespondingSourceObject: {fileID: 0}
  m_PrefabInstance: {fileID: 0}
  m_PrefabAsset: {fileID: 0}
  m_GameObject: {fileID: 0}
  m_Enabled: 1
  m_EditorHideFlags: 0
  m_Script: {fileID: 11500000, guid: 0a0a5632542118c41a0292658a9c96c7, type: 3}
  m_Name: 0dcce9a2-ee25-4c7c-aa23-2053ec19c769
  m_EditorClassIdentifier: 
  isPlayerSpeaking: 1
  text: "\u041D\u0435\u0442, \u043D\u0435\u0442, \u0442\u044B \u043D\u0435 \u043F\u0440\u0430\u0432\u0438\u043B\u044C\u043D\u043E
    \u043F\u043E\u043D\u044F\u043B, \u044F \u0440\u0430\u0431\u043E\u0442\u0443 \u0438\u0449\u0443,
    \u043B\u044E\u0431\u0443\u044E!"
  children:
  - dfb7cea2-f372-49bd-bfa9-4760681beed0
  rect:
    serializedVersion: 2
    x: 743
    y: 8
    width: 200
    height: 100
  _onExitAction: 
  _onEnterAction: 
  _condition:
    _predicate: 
    _parameters: []
--- !u!114 &-1544017620460279945
MonoBehaviour:
  m_ObjectHideFlags: 0
  m_CorrespondingSourceObject: {fileID: 0}
  m_PrefabInstance: {fileID: 0}
  m_PrefabAsset: {fileID: 0}
  m_GameObject: {fileID: 0}
  m_Enabled: 1
  m_EditorHideFlags: 0
  m_Script: {fileID: 11500000, guid: 0a0a5632542118c41a0292658a9c96c7, type: 3}
  m_Name: 41d47709-dff5-4c32-bdce-7aae87069d2c
  m_EditorClassIdentifier: 
  isPlayerSpeaking: 1
  text: "\u041D\u0443, \u0435\u0441\u043B\u0438 \u0447\u0435\u0441\u0442\u043D\u043E,
    \u0442\u043E \u043A\u0440\u043E\u043C\u0435 \u043C\u0435\u0447\u0430 \u0432 \u0441\u0432\u043E\u0438\u0445
    \u0440\u0443\u043A\u0430\u0445 \u043D\u0438\u0447\u0435\u0433\u043E \u043D\u0435
    \u0434\u0435\u0440\u0436\u0430\u043B, \u043D\u043E \u0447\u0443\u0432\u0441\u0442\u0432\u0443\u044E
    \u0447\u0442\u043E \u043C\u043E\u0433\u0443 \u0431\u043E\u043B\u044C\u0448\u0435
    \u0447\u0435\u043C \u043F\u0440\u043E\u0441\u0442\u043E \u043C\u0430\u0445\u0430\u0442\u044C
    \u0438\u043C!"
  children:
  - 97138aae-e9c2-471e-af2a-f9907e33bdb2
  rect:
    serializedVersion: 2
    x: 989
    y: 27
    width: 200
    height: 100
  _onExitAction: 
  _onEnterAction: 
  _condition:
    _predicate: 
    _parameters: []
--- !u!114 &-760830258371029760
MonoBehaviour:
  m_ObjectHideFlags: 0
  m_CorrespondingSourceObject: {fileID: 0}
  m_PrefabInstance: {fileID: 0}
  m_PrefabAsset: {fileID: 0}
  m_GameObject: {fileID: 0}
  m_Enabled: 1
  m_EditorHideFlags: 0
  m_Script: {fileID: 11500000, guid: 0a0a5632542118c41a0292658a9c96c7, type: 3}
  m_Name: 25febd73-6917-4cf3-a877-9f87c4c9722f
  m_EditorClassIdentifier: 
  isPlayerSpeaking: 1
  text: "\u041F\u0440\u0438\u0432\u0435\u0442\u0441\u0432\u0443\u044E, \u0438\u0449\u0443
    \u0440\u0430\u0431\u043E\u0442\u0435\u043D\u043A\u0443, \u043C\u043E\u0436\u0435\u0442
    \u043F\u043E\u043C\u043E\u0436\u0435\u0448\u044C, \u0441 \u0434\u0435\u043D\u044C\u0433\u0430\u043C\u0438
    \u0449\u0430\u0441 \u0442\u0440\u0443\u0434\u043D\u043E,  \u044F \u043D\u0435
    \u043F\u0440\u043E\u0442\u0438\u0432 \u0440\u0443\u043A\u0430\u043C\u0438 \u043F\u043E\u0440\u0430\u0431\u043E\u0442\u0430\u0442\u044C."
  children:
  - dfb7cea2-f372-49bd-bfa9-4760681beed0
  rect:
    serializedVersion: 2
    x: 280
    y: 132
    width: 200
    height: 100
  _onExitAction: 
  _onEnterAction: 
  _condition:
    _predicate: 
    _parameters: []
--- !u!114 &-149413336690324404
MonoBehaviour:
  m_ObjectHideFlags: 0
  m_CorrespondingSourceObject: {fileID: 0}
  m_PrefabInstance: {fileID: 0}
  m_PrefabAsset: {fileID: 0}
  m_GameObject: {fileID: 0}
  m_Enabled: 1
  m_EditorHideFlags: 0
  m_Script: {fileID: 11500000, guid: 0a0a5632542118c41a0292658a9c96c7, type: 3}
  m_Name: fdf909e3-5177-4578-844c-33664498de5c
  m_EditorClassIdentifier: 
  isPlayerSpeaking: 0
  text: "\u0410\u0410\u0410\u0410, \u0434\u0435\u043D\u0435\u0433 \u044F \u0442\u0435\u0431\u0435
    \u043D\u0435 \u0434\u0430\u043C, \u043A\u0430\u0442\u0438\u0441\u044C \u043A
    \u0447\u0435\u0440\u0442\u0443!"
  children:
  - 0dcce9a2-ee25-4c7c-aa23-2053ec19c769
  rect:
    serializedVersion: 2
    x: 463
    y: -4
    width: 200
    height: 100
  _onExitAction: 
  _onEnterAction: 
  _condition:
    _predicate: 
    _parameters: []
--- !u!114 &11400000
MonoBehaviour:
  m_ObjectHideFlags: 0
  m_CorrespondingSourceObject: {fileID: 0}
  m_PrefabInstance: {fileID: 0}
  m_PrefabAsset: {fileID: 0}
  m_GameObject: {fileID: 0}
  m_Enabled: 1
  m_EditorHideFlags: 0
  m_Script: {fileID: 11500000, guid: 78e1dff351a7dc4438c562d74df59c4a, type: 3}
  m_Name: QuestDialogue
  m_EditorClassIdentifier: 
  _nodes:
  - {fileID: -7189914968963256618}
  - {fileID: 1508976360526926202}
  - {fileID: -760830258371029760}
  - {fileID: -149413336690324404}
  - {fileID: 8700739969763634512}
  - {fileID: 61290555824330303}
  - {fileID: 3097237665883379915}
  - {fileID: -3865849867297503443}
  - {fileID: 7157204268323097555}
  - {fileID: 3394484710266473208}
  - {fileID: -1602215151513851740}
  - {fileID: -1544017620460279945}
  - {fileID: 4004859464189559525}
  - {fileID: -5617655213669421286}
  - {fileID: -1842299243723746869}
  - {fileID: 1783390758233259453}
  - {fileID: 3140264925976719642}
  - {fileID: -9007871105524948355}
  _newNodeOffset: {x: 250, y: 0}
--- !u!114 &61290555824330303
MonoBehaviour:
  m_ObjectHideFlags: 0
  m_CorrespondingSourceObject: {fileID: 0}
  m_PrefabInstance: {fileID: 0}
  m_PrefabAsset: {fileID: 0}
  m_GameObject: {fileID: 0}
  m_Enabled: 1
  m_EditorHideFlags: 0
  m_Script: {fileID: 11500000, guid: 0a0a5632542118c41a0292658a9c96c7, type: 3}
  m_Name: 9b2f2b91-124c-4ac6-a5f9-b918daa03b08
  m_EditorClassIdentifier: 
  isPlayerSpeaking: 1
  text: "\u041A\u0445\u043C....\u0441\u043A\u043E\u043B\u044C\u043A\u043E \u0432
    \u0432\u0430\u0448\u0435\u043C \u043B\u0430\u0433\u0435\u0440\u0435 \u0437\u043E\u043B\u043E\u0442\u043E
    \u0442\u043E?"
  children:
  - 55022d51-3f56-41ad-9837-157274b01885
  rect:
    serializedVersion: 2
    x: 214
    y: 241
    width: 200
    height: 100
  _onExitAction: 
  _onEnterAction: 
  _condition:
    _predicate: 
    _parameters: []
--- !u!114 &1508976360526926202
MonoBehaviour:
  m_ObjectHideFlags: 0
  m_CorrespondingSourceObject: {fileID: 0}
  m_PrefabInstance: {fileID: 0}
  m_PrefabAsset: {fileID: 0}
  m_GameObject: {fileID: 0}
  m_Enabled: 1
  m_EditorHideFlags: 0
  m_Script: {fileID: 11500000, guid: 0a0a5632542118c41a0292658a9c96c7, type: 3}
  m_Name: fd7ecc11-ed55-4ef0-9903-1a11a3b56021
  m_EditorClassIdentifier: 
  isPlayerSpeaking: 1
  text: "\u0417\u0434\u0440\u0430\u0432\u0441\u0442\u0432\u0443\u0439\u0442\u0435,
    \u044F \u0432 \u0434\u0435\u0440\u0435\u0432\u043D\u0435 \u043D\u0435\u0434\u0430\u0432\u043D\u043E
    \u0438 \u0434\u0435\u043D\u0435\u0433 \u0443 \u043C\u0435\u043D\u044F \u0435\u043B\u0441\u0438
    \u0447\u0435\u0441\u0442\u043D\u043E \u043D\u0435\u0442\u0443, \u0430...."
  children:
  - fdf909e3-5177-4578-844c-33664498de5c
  rect:
    serializedVersion: 2
    x: 250
    y: 0
    width: 200
    height: 100
  _onExitAction: 
  _onEnterAction: 
  _condition:
    _predicate: 
    _parameters: []
--- !u!114 &1783390758233259453
MonoBehaviour:
  m_ObjectHideFlags: 0
  m_CorrespondingSourceObject: {fileID: 0}
  m_PrefabInstance: {fileID: 0}
  m_PrefabAsset: {fileID: 0}
  m_GameObject: {fileID: 0}
  m_Enabled: 1
  m_EditorHideFlags: 0
  m_Script: {fileID: 11500000, guid: 0a0a5632542118c41a0292658a9c96c7, type: 3}
  m_Name: d04d52b4-0b2c-4d8b-a1d4-4a5d88ee9ded
  m_EditorClassIdentifier: 
  isPlayerSpeaking: 1
  text: "\u041D\u0443, \u043F\u0440\u043E \u0433\u0440\u0443\u0437\u0438\u043D\u043E\u0432
    \u0441\u0430\u043C \u043D\u0435 \u0437\u043D\u0430\u044E, \u044F \u0436\u0435
    \u0432\u043E\u043E\u0431\u0449\u0435 \u043D\u0435 \u0437\u043D\u0430\u044E \u0447\u0442\u043E
    \u0433\u043E\u0432\u043E\u0440\u044E, \u0441\u0430\u043C \u043F\u043E\u043D\u0438\u043C\u0430\u0435\u0448\u044C...\u041D\u0430\u0448\u0430
    \u0437\u0430\u0434\u0430\u0447\u0430 \u0434\u0435\u043B\u0430\u0442\u044C \u0442\u043E,
    \u0447\u0442\u043E \u0433\u043E\u0432\u043E\u0440\u0438\u0442 \u043D\u0430\u043C
    \u0411\u043E\u0433!"
  children:
  - 40e4d235-5901-49c7-8cbf-ad192aa2b460
  rect:
    serializedVersion: 2
    x: 1548
    y: 142
    width: 200
    height: 100
  _onExitAction: 
  _onEnterAction: 
  _condition:
    _predicate: 
    _parameters: []
--- !u!114 &3097237665883379915
MonoBehaviour:
  m_ObjectHideFlags: 0
  m_CorrespondingSourceObject: {fileID: 0}
  m_PrefabInstance: {fileID: 0}
  m_PrefabAsset: {fileID: 0}
  m_GameObject: {fileID: 0}
  m_Enabled: 1
  m_EditorHideFlags: 0
  m_Script: {fileID: 11500000, guid: 0a0a5632542118c41a0292658a9c96c7, type: 3}
  m_Name: 55022d51-3f56-41ad-9837-157274b01885
  m_EditorClassIdentifier: 
  isPlayerSpeaking: 0
  text: "\u0410 \u0442\u0435\u0431\u0435 \u0442\u043E \u0447\u0442\u043E, \u0432\u0430\u043B\u0438
    \u043E\u0442\u0441\u044E\u0434\u0430 \u043F\u043E\u043A\u0430 \u043D\u0435 \u043E\u0442\u0440\u0443\u0431\u0438\u043B
    \u0442\u0435\u0431\u0435 \u044F\u0437\u044B\u043A!"
  children:
  - 2086f0e0-5895-4ebe-96ff-82326b2758a9
  - 08f132fe-d4e8-48bd-bc31-b86eb121c81f
  rect:
    serializedVersion: 2
    x: 454
    y: 238
    width: 200
    height: 100
  _onExitAction: 
  _onEnterAction: 
  _condition:
    _predicate: 
    _parameters: []
--- !u!114 &3140264925976719642
MonoBehaviour:
  m_ObjectHideFlags: 0
  m_CorrespondingSourceObject: {fileID: 0}
  m_PrefabInstance: {fileID: 0}
  m_PrefabAsset: {fileID: 0}
  m_GameObject: {fileID: 0}
  m_Enabled: 1
  m_EditorHideFlags: 0
  m_Script: {fileID: 11500000, guid: 0a0a5632542118c41a0292658a9c96c7, type: 3}
  m_Name: b1b3b547-8593-46d8-8b31-676272c90b77
  m_EditorClassIdentifier: 
  isPlayerSpeaking: 1
  text: "\u0414\u0430 \u044F \u0441\u0430\u043C \u043D\u0435 \u0437\u043D\u0430\u044E,
    \u043A\u0430\u043A \u0442\u043E \u0432 \u0433\u043E\u043B\u043E\u0432\u0435 \u043F\u043E\u044F\u0432\u0438\u043B\u043E\u0441\u044C,
    \u0432\u043E\u0442 \u0438 \u0441\u043A\u0430\u0437\u0430\u043B!"
  children:
  - 97138aae-e9c2-471e-af2a-f9907e33bdb2
  rect:
    serializedVersion: 2
    x: 1431
    y: 260
    width: 200
    height: 100
  _onExitAction: 
  _onEnterAction: 
  _condition:
    _predicate: 
    _parameters: []
--- !u!114 &3394484710266473208
MonoBehaviour:
  m_ObjectHideFlags: 0
  m_CorrespondingSourceObject: {fileID: 0}
  m_PrefabInstance: {fileID: 0}
  m_PrefabAsset: {fileID: 0}
  m_GameObject: {fileID: 0}
  m_Enabled: 1
  m_EditorHideFlags: 0
  m_Script: {fileID: 11500000, guid: 0a0a5632542118c41a0292658a9c96c7, type: 3}
  m_Name: 4573f9a3-297e-4b7d-b260-ea4fb358b96d
  m_EditorClassIdentifier: 
  isPlayerSpeaking: 0
  text: "\u0414\u0430 \u0442\u0432\u043E\u044E \u0436\u0435\u0448\u044C \u043C\u0430\u0442\u044C!
    \u0421\u043A\u043E\u043B\u044C\u043A\u043E \u043C\u043E\u0436\u043D\u043E! \u041D\u0430\u0434\u0435\u044E\u0441\u044C
    \u0434\u0435\u0440\u0435\u0448\u044C\u0441\u044F \u0442\u044B \u043B\u0443\u0447\u0448\u0435
    \u0447\u0435\u043C \u0442\u0440\u0435\u043F\u043B\u0435\u0448\u044C\u0441\u044F!"
  children: []
  rect:
    serializedVersion: 2
    x: 986
    y: 246.00002
    width: 200
    height: 100
  _onExitAction: Attack
  _onEnterAction: 
  _condition:
    _predicate: 
    _parameters: []
--- !u!114 &4004859464189559525
MonoBehaviour:
  m_ObjectHideFlags: 0
  m_CorrespondingSourceObject: {fileID: 0}
  m_PrefabInstance: {fileID: 0}
  m_PrefabAsset: {fileID: 0}
  m_GameObject: {fileID: 0}
  m_Enabled: 1
  m_EditorHideFlags: 0
  m_Script: {fileID: 11500000, guid: 0a0a5632542118c41a0292658a9c96c7, type: 3}
  m_Name: 8b905c2a-6bec-4351-8fb3-6ea00fefb5f9
  m_EditorClassIdentifier: 
  isPlayerSpeaking: 1
  text: "\u0411\u044C\u044E, \u0443\u043D\u0438\u0436\u0430\u044E, \u0445\u043E\u0437\u044F\u0439\u043D\u0438\u0447\u0430\u044E,
    \u0445\u0438\u0442\u0440\u0435\u0435 \u0447\u0435\u043C \u0441\u0430\u043C \u0448\u0442\u0438\u0440\u043B\u0435\u0446,
    \u0434\u0435\u0432\u0441\u0442\u0432\u0435\u043D\u043D\u0435\u043D \u043A\u0430\u043A
    \u043B\u044E\u0431\u043E\u0439 \u0433\u0440\u0443\u0437\u0438\u043D!"
  children:
  - fdcbebeb-e260-4128-b3d0-5d0079805fb5
  rect:
    serializedVersion: 2
    x: 1021
    y: 130
    width: 200
    height: 100
  _onExitAction: 
  _onEnterAction: 
  _condition:
    _predicate: 
    _parameters: []
--- !u!114 &7157204268323097555
MonoBehaviour:
  m_ObjectHideFlags: 0
  m_CorrespondingSourceObject: {fileID: 0}
  m_PrefabInstance: {fileID: 0}
  m_PrefabAsset: {fileID: 0}
  m_GameObject: {fileID: 0}
  m_Enabled: 1
  m_EditorHideFlags: 0
  m_Script: {fileID: 11500000, guid: 0a0a5632542118c41a0292658a9c96c7, type: 3}
  m_Name: 08f132fe-d4e8-48bd-bc31-b86eb121c81f
  m_EditorClassIdentifier: 
  isPlayerSpeaking: 1
  text: "\u042F \u0442\u0435\u0431\u0435 \u043D\u0435 \u0441\u043E\u0432\u0435\u0442\u0443\u044E
    \u0441\u043E \u043C\u043D\u043E\u0439 \u0442\u0430\u043A \u0440\u0430\u0437\u0433\u043E\u0432\u0430\u0440\u0438\u0432\u0430\u0442\u044C,
    \u0433\u0430\u043D\u0434\u043E\u043D\u0438\u0439 \u0433\u043B\u0430\u0437!"
  children:
  - 4573f9a3-297e-4b7d-b260-ea4fb358b96d
  rect:
    serializedVersion: 2
    x: 714
    y: 293
    width: 200
    height: 100
  _onExitAction: 
  _onEnterAction: 
  _condition:
    _predicate: 
    _parameters: []
--- !u!114 &8700739969763634512
MonoBehaviour:
  m_ObjectHideFlags: 0
  m_CorrespondingSourceObject: {fileID: 0}
  m_PrefabInstance: {fileID: 0}
  m_PrefabAsset: {fileID: 0}
  m_GameObject: {fileID: 0}
  m_Enabled: 1
  m_EditorHideFlags: 0
  m_Script: {fileID: 11500000, guid: 0a0a5632542118c41a0292658a9c96c7, type: 3}
  m_Name: dfb7cea2-f372-49bd-bfa9-4760681beed0
  m_EditorClassIdentifier: 
  isPlayerSpeaking: 0
  text: "\u0410 \u0447\u0442\u043E \u0442\u044B \u0443\u043C\u0435\u0435\u0448\u044C?"
  children:
  - 41d47709-dff5-4c32-bdce-7aae87069d2c
  - 8b905c2a-6bec-4351-8fb3-6ea00fefb5f9
  rect:
    serializedVersion: 2
    x: 597
    y: 126
    width: 200
    height: 100
  _onExitAction: 
  _onEnterAction: 
  _condition:
    _predicate: 
    _parameters: []
